@article{teodoro2020,
  author  = {Teodoro, L. de A. and Kappel, M. A. A.},
  title   = {Aplicação de técnicas de aprendizado de máquina para predição de risco de evasão escolar em instituições públicas de ensino superior no Brasil},
  journal = {Revista Brasileira de Informática na Educação},
  volume  = {28},
  pages   = {838-863},
  year    = {2020},
  doi     = {10.5753/rbie.2020.28.0.838},
  url     = {https://journals-sol.sbc.org.br/index.php/rbie/article/view/3691},
  urldate = {2025-08-17}
}

@misc{okewole2012,
  author = {Okewole, Dorcas Modupe},
  title  = {A dummy variable regression on students' academic performance},
  year   = {2012}
}

@article{ferreira2020,
  author  = {Ferreira, Elen Cristina da Silva and Oliveira, Nayara Maria de},
  title   = {Evasão escolar no ensino médio: causas e consequências},
  journal = {Scientia Generalis},
  volume  = {1},
  number  = {2},
  pages   = {39-48},
  year    = {2020},
  url     = {https://scientiageneralis.com.br/index.php/SG/article/view/v1n2a4},
  urldate = {2025-08-19}
}

@misc{radunz1992,
  author = {Radünz, Angela},
  title  = {Regressão logística},
  year   = {1992}
}

@inproceedings{barbosa2023,
  author    = {Barbosa, Dyego and Cabral, Luciano and Dwan, Filipe and Feitas, Elyda and Mello, Rafael Ferreira},
  title     = {Previsão da evasão escolar através da análise de dados e aprendizagem de máquina: um estudo de caso},
  booktitle = {Anais do Workshop de Aplicações Práticas de Learning Analytics em Instituições de Ensino no Brasil (WAPLA)},
  year      = {2023},
  pages     = {42-50},
  address   = {Passo Fundo/RS},
  publisher = {Sociedade Brasileira de Computação},
  doi       = {10.5753/wapla.2023.236137}
}

@online{inep2025,
  author       = {{Instituto Nacional de Estudos e Pesquisas Educacionais Anísio Teixeira (INEP)}},
  title        = {Estatísticas do Censo Escolar},
  year         = {2024},
  url          = {https://www.gov.br/inep/pt-br/acesso-a-informacao/dados-abertos/inep-data/estatisticas-censo-escolar},
  urldate      = {2025-08-18}
}

@online{inep_dashboard2025,
  author       = {{Instituto Nacional de Estudos e Pesquisas Educacionais Anísio Teixeira (INEP)}},
  title        = {Dashboard de estatísticas de evasão escolar},
  year         = {2025},
  url          = {https://app.powerbi.com/view?r=eyJrIjoiN2ViNDBjNDEtMTM0OC00ZmFhLWIyZWYtZjI1YjU0NzQzMTJhIiwidCI6IjI2ZjczODk3LWM4YWMtNGIxZS05NzhmLWVhNGMwNzc0MzRiZiJ9},
  urldate      = {2025-08-18}
}